<record><leader>00000cas a2200000 a 4500</leader><controlfield tag="001">31619240</controlfield><controlfield tag="007">hd bfu---baat</controlfield><controlfield tag="007">hd afu---bact</controlfield><controlfield tag="008">941206d19141916nbucr nea     0    0eng d</controlfield><datafield ind1=" " ind2=" " tag="010"><subfield code="a">sn 94056660 </subfield></datafield><datafield ind1=" " ind2=" " tag="040"><subfield code="a">NVG</subfield><subfield code="b">eng</subfield><subfield code="c">NVG</subfield><subfield code="d">OCL</subfield><subfield code="d">OCLCQ</subfield><subfield code="d">OCLCF</subfield><subfield code="d">OCLCO</subfield></datafield><datafield ind1="1" ind2=" " tag="029"><subfield code="a">AU@</subfield><subfield code="b">000011427596</subfield></datafield><datafield ind1=" " ind2=" " tag="042"><subfield code="a">msc</subfield></datafield><datafield ind1=" " ind2=" " tag="043"><subfield code="a">n-us-nb</subfield></datafield><datafield ind1="0" ind2="4" tag="245"><subfield code="a">The twice-a-week Franklin County news</subfield><subfield code="h">[microform].</subfield></datafield><datafield ind1="3" ind2="0" tag="246"><subfield code="a">Twice-a-week news</subfield></datafield><datafield ind1="1" ind2="3" tag="246"><subfield code="a">Franklin Co. news</subfield><subfield code="f">Sept. 26, 1914-Oct. 10, 1914</subfield></datafield><datafield ind1="1" ind2="3" tag="246"><subfield code="a">Twice-a-week Franklin Co. news</subfield><subfield code="f">Oct. 14, 1914-Nov. 22, 1916</subfield></datafield><datafield ind1=" " ind2=" " tag="260"><subfield code="a">Franklin, Franklin County, Neb. :</subfield><subfield code="b">Karl L. Spence,</subfield><subfield code="c">1914-1916.</subfield></datafield><datafield ind1=" " ind2=" " tag="300"><subfield code="a">3 v.</subfield></datafield><datafield ind1=" " ind2=" " tag="310"><subfield code="a">Semiweekly</subfield></datafield><datafield ind1="0" ind2=" " tag="362"><subfield code="a">Vol. 5, no. 484 (Sept. 26, 1914)-v. 7, no. 708 (Nov. 22, 1916).</subfield></datafield><datafield ind1=" " ind2=" " tag="580"><subfield code="a">Merged with: Franklin County progress (Franklin, Neb.), to form: Franklin County news (Franklin, Neb. : 1916).</subfield></datafield><datafield ind1=" " ind2=" " tag="533"><subfield code="a">Microfilm.</subfield><subfield code="m">1914-1916:[Gaps]</subfield><subfield code="b">[Lincoln, Neb. :</subfield><subfield code="c">Nebraska State Historical Society].</subfield><subfield code="e">1 microfilm reel ; 35 mm.</subfield></datafield><datafield ind1=" " ind2="0" tag="651"><subfield code="a">Franklin (Neb.)</subfield><subfield code="v">Newspapers.</subfield></datafield><datafield ind1=" " ind2="0" tag="651"><subfield code="a">Franklin County (Neb.)</subfield><subfield code="v">Newspapers.</subfield></datafield><datafield ind1=" " ind2="7" tag="655"><subfield code="a">Newspapers.</subfield><subfield code="2">fast</subfield><subfield code="0">(OCoLC)fst01423814</subfield></datafield><datafield ind1=" " ind2="7" tag="651"><subfield code="a">Nebraska</subfield><subfield code="z">Franklin.</subfield><subfield code="2">fast</subfield><subfield code="0">(OCoLC)fst01275706</subfield></datafield><datafield ind1=" " ind2="7" tag="651"><subfield code="a">Nebraska</subfield><subfield code="z">Franklin County.</subfield><subfield code="2">fast</subfield><subfield code="0">(OCoLC)fst01212883</subfield></datafield><datafield ind1=" " ind2=" " tag="752"><subfield code="a">United States</subfield><subfield code="b">Nebraska</subfield><subfield code="c">Franklin</subfield><subfield code="d">Franklin.</subfield></datafield><datafield ind1="0" ind2="0" tag="780"><subfield code="t">Franklin County news (Franklin, Neb.)</subfield><subfield code="w">(DLC)sn 94056659</subfield></datafield><datafield ind1="1" ind2="7" tag="785"><subfield code="t">Franklin County progress (Franklin, Neb.)</subfield><subfield code="w">(DLC)sn 94056663</subfield></datafield><datafield ind1="1" ind2="7" tag="785"><subfield code="t">Franklin County news (Franklin, Neb. : 1916)</subfield><subfield code="w">(DLC)sn 94056661</subfield></datafield></record>